@misc{intro,
	title={ОПЕРАЦИЯ БРИТАНСКОЙ РАЗВЕДКИ <<ЭНИГМА>>.},
	howpublished={[Электронный ресурс]. ~--- Режим доступа:
	\url{https://www.elibrary.ru/download/elibrary_28185349_76811654.pdf} (дата обращения: 13.09.24).}
}

@misc{alg,
	title={ИССЛЕДОВАНИЕ АЛГОРИТМА РАБОТЫ ШИФРОВАЛЬНОЙ МАШИНЫ <<ЭНИГМА>>.},
	howpublished={[Электронный ресурс]. ~--- Режим доступа:
	\url{https://human.snauka.ru/2016/06/15717} (дата обращения: 13.09.24).}
}